@misc{Clarberg2022,
  author = {Petrik Clarberg and Simon Kallweit and Craig Kolb and Pawel Kozlowski and Yong He and Lifan Wu and Edward Liu},
  title = "{Research Advances Toward Real-Time Path Tracing}",
  howpublished = {Game Developers Conference (GDC)},
  month = {March},
  year = {2022}
}

@misc{VulkanTutorial,
  author = {Alexander Overvoorde},
  title = {Vulkan Tutorial},
  howpublished = {\url{https://vulkan-tutorial.com}},
  note = {Accessed: 2022-08-01}
}
@misc{VulkanRaytracingTutorial,
  author = {Martin-Karl Lefran√ßois},
  title = {NVIDIA Vulkan Ray Tracing Tutorial},
  howpublished = {\url{https://vulkan-tutorial.com}},
  note = {Accessed: 2022-08-03}
}
@misc{DXGI,
  author = {Steven White and Drew Batchelor and Kent Sharkey and David Coulter and John Kelly and Mike Jacobs and Michael Satran},
  title = {DXGI Overview},
  howpublished = {\url{https://docs.microsoft.com/en-us/windows/win32/direct3ddxgi/d3d10-graphics-programming-guide-dxgi}},
  note = {Accessed: 2022-08-03}
}
@misc{GpuMemUsageVulkan,
  author = {Adam Sawichi},
  title = {There is a way to query GPU memory usage in Vulkan - use DXGI},
  howpublished = {\url{https://www.asawicki.info/news_1695_there_is_a_way_to_query_gpu_memory_usage_in_vulkan_-_use_dxgi}},
  note = {Accessed: 2022-08-03}
}
@misc{McGuire2022Data,
   title = {Computer Graphics Archive},
   author = {Morgan McGuire},
   year = {2022},
   month = {August},
   url = {https://casual-effects.com/data}
}
@misc{Nvpro,
   title = {nvpro core},
   author = {Nviidia},
   year = {2022},
   month = {August},
   url = {https://github.com/nvpro-samples/nvpro_core}
}
@misc{Kallweit22,
   author =      {Simon Kallweit and Petrik Clarberg and Craig Kolb and Tom{'a}{\v s} Davidovi{\v c} and Kai-Hwa Yao and Theresa Foley and Yong He and Lifan Wu and Lucy Chen and Tomas Akenine-M{\"o}ller and Chris Wyman and Cyril Crassin and Nir Benty},
   title =       {The {Falcor} Rendering Framework},
   year =        {2022},
   month =       {8},
   url =         {https://github.com/NVIDIAGameWorks/Falcor},
   note =        {\url{https://github.com/NVIDIAGameWorks/Falcor}}
}

@misc{WikimediaRT,
   title = {File:Ray trace diagram.svg},
   year = {2022},
   month = {August},
   url = {https://commons.wikimedia.org/wiki/File:Ray_trace_diagram.svg}
}
@misc{WikipediaRT,
   title = {Ray Tracing (graphics)},
   year = {2022},
   month = {August},
   url = {https://en.wikipedia.org/wiki/Ray_tracing_(graphics)}
}
@misc{ScratchPixel,
   title = {3D Basic Rendering},
   year = {2022},
   month = {September},
   url = {https://www.scratchapixel.com/lessons/3d-basic-rendering/rasterization-practical-implementation/rasterization-stage}
}
@misc{Mantle,
   title = {Mantle, Wikipedia},
   year = {2022},
   month = {September},
   url = {https://en.wikipedia.org/wiki/Mantle_(API)}
}
